{
  "leader": "03511cas a2200721 i 4500",
  "fields": [
    {
      "001": "ocm01751798\\"
    },
    {
      "003": "OCoLC"
    },
    {
      "005": "20220225144651.0"
    },
    {
      "008": "751101c19669999maufx\\p\\\\\\gov\\0\\\\\\a0eng\\c"
    },
    {
      "010": {
        "ind1": "\\",
        "ind2": "\\",
        "subfields": [
          {
            "a": "   72621795 "
          }
        ]
      }
    },
    {
      "040": {
        "ind1": "\\",
        "ind2": "\\",
        "subfields": [
          {
            "a": "MUL"
          },
          {
            "b": "eng"
          },
          {
            "c": "MUL"
          },
          {
            "d": "FUL"
          },
          {
            "d": "OCL"
          },
          {
            "d": "UDI"
          },
          {
            "d": "DLC"
          },
          {
            "d": "NSD"
          },
          {
            "d": "OCL"
          },
          {
            "d": "NST"
          },
          {
            "d": "NSD"
          },
          {
            "d": "OCL"
          },
          {
            "d": "NST"
          },
          {
            "d": "AIP"
          },
          {
            "d": "HUL"
          },
          {
            "d": "AIP"
          },
          {
            "d": "OCL"
          },
          {
            "d": "NSD"
          },
          {
            "d": "DLC"
          },
          {
            "d": "NST"
          },
          {
            "d": "NSD"
          },
          {
            "d": "OCL"
          },
          {
            "d": "SYS"
          },
          {
            "d": "NLM"
          },
          {
            "d": "OCLCQ"
          },
          {
            "d": "MUQ"
          },
          {
            "d": "NLGGC"
          },
          {
            "d": "DOS"
          },
          {
            "d": "CUS"
          },
          {
            "d": "DLC"
          },
          {
            "d": "NLA"
          },
          {
            "d": "DLC"
          },
          {
            "d": "OCLCQ"
          },
          {
            "d": "UKMGB"
          },
          {
            "d": "FJM"
          },
          {
            "d": "HRA"
          },
          {
            "d": "OCLCQ"
          },
          {
            "d": "DEBSZ"
          },
          {
            "d": "OCLCO"
          },
          {
            "d": "OCLCQ"
          },
          {
            "d": "OCLCO"
          },
          {
            "d": "OCLCF"
          },
          {
            "d": "GBVCP"
          },
          {
            "d": "OCLCA"
          },
          {
            "d": "GILDS"
          },
          {
            "d": "OCLCQ"
          },
          {
            "d": "TYC"
          },
          {
            "d": "L2U"
          },
          {
            "d": "OCLCO"
          },
          {
            "d": "IL4J6"
          }
        ]
      }
    },
    {
      "012": {
        "ind1": "\\",
        "ind2": "\\",
        "subfields": [
          {
            "a": "3"
          },
          {
            "b": "3"
          },
          {
            "i": "8407"
          },
          {
            "j": "0"
          }
        ]
      }
    },
    {
      "016": {
        "ind1": "7",
        "ind2": "\\",
        "subfields": [
          {
            "a": "013794981"
          },
          {
            "2": "DE-101"
          }
        ]
      }
    },
    {
      "016": {
        "ind1": "7",
        "ind2": "\\",
        "subfields": [
          {
            "a": "701711-X"
          },
          {
            "2": "DE-600"
          }
        ]
      }
    },
    {
      "016": {
        "ind1": "7",
        "ind2": "\\",
        "subfields": [
          {
            "a": "100972211"
          },
          {
            "2": "DNLM"
          }
        ]
      }
    },
    {
      "016": {
        "ind1": "7",
        "ind2": "\\",
        "subfields": [
          {
            "a": "009199228"
          },
          {
            "2": "Uk"
          }
        ]
      }
    },
    {
      "019": {
        "ind1": "\\",
        "ind2": "\\",
        "subfields": [
          {
            "a": "9522622"
          },
          {
            "a": "422629528"
          },
          {
            "a": "829180749"
          },
          {
            "a": "832508854"
          },
          {
            "a": "888448944"
          },
          {
            "a": "1063330186"
          }
        ]
      }
    },
    {
      "022": {
        "ind1": "0",
        "ind2": "\\",
        "subfields": [
          {
            "a": "0017-8039"
          },
          {
            "l": "0017-8039"
          },
          {
            "2": "1"
          }
        ]
      }
    },
    {
      "024": {
        "ind1": "7",
        "ind2": "\\",
        "subfields": [
          {
            "a": "00026328"
          },
          {
            "2": "swets"
          }
        ]
      }
    },
    {
      "035": {
        "ind1": "\\",
        "ind2": "\\",
        "subfields": [
          {
            "a": "(OCoLC)1751798"
          },
          {
            "z": "(OCoLC)9522622"
          },
          {
            "z": "(OCoLC)422629528"
          },
          {
            "z": "(OCoLC)829180749"
          },
          {
            "z": "(OCoLC)832508854"
          },
          {
            "z": "(OCoLC)888448944"
          },
          {
            "z": "(OCoLC)1063330186"
          }
        ]
      }
    },
    {
      "037": {
        "ind1": "\\",
        "ind2": "\\",
        "subfields": [
          {
            "b": "Harvard Civil Rights-Civil Liberties Law Review, Harvard Law School, Cambridge, MA 02138"
          }
        ]
      }
    },
    {
      "042": {
        "ind1": "\\",
        "ind2": "\\",
        "subfields": [
          {
            "a": "pcc"
          },
          {
            "a": "nsdp"
          }
        ]
      }
    },
    {
      "043": {
        "ind1": "\\",
        "ind2": "\\",
        "subfields": [
          {
            "a": "n-us---"
          }
        ]
      }
    },
    {
      "050": {
        "ind1": "0",
        "ind2": "0",
        "subfields": [
          {
            "a": "K8"
          },
          {
            "b": ".A68"
          }
        ]
      }
    },
    {
      "050": {
        "ind1": "1",
        "ind2": "4",
        "subfields": [
          {
            "a": "KF4742"
          },
          {
            "b": ".H37"
          }
        ]
      }
    },
    {
      "082": {
        "ind1": "0",
        "ind2": "4",
        "subfields": [
          {
            "a": "342.7308505"
          },
          {
            "b": "HAR"
          }
        ]
      }
    },
    {
      "210": {
        "ind1": "0",
        "ind2": "\\",
        "subfields": [
          {
            "a": "Harv. civ. rights-civil lib. law rev."
          }
        ]
      }
    },
    {
      "222": {
        "ind1": "\\",
        "ind2": "0",
        "subfields": [
          {
            "a": "Harvard civil rights-civil liberties law review"
          }
        ]
      }
    },
    {
      "245": {
        "ind1": "0",
        "ind2": "0",
        "subfields": [
          {
            "a": "Harvard civil rights-civil liberties law review."
          }
        ]
      }
    },
    {
      "246": {
        "ind1": "1",
        "ind2": "3",
        "subfields": [
          {
            "a": "Harv. C.R.-C.L.L. Rev"
          }
        ]
      }
    },
    {
      "246": {
        "ind1": "1",
        "ind2": "3",
        "subfields": [
          {
            "a": "CR-CL"
          }
        ]
      }
    },
    {
      "260": {
        "ind1": "\\",
        "ind2": "\\",
        "subfields": [
          {
            "a": "[Cambridge, Mass.] :"
          },
          {
            "b": "[Harvard Civil Rights-Civil Liberties Law Review, etc.]"
          }
        ]
      }
    },
    {
      "300": {
        "ind1": "\\",
        "ind2": "\\",
        "subfields": [
          {
            "a": "volumes ;"
          },
          {
            "c": "23 cm"
          }
        ]
      }
    },
    {
      "310": {
        "ind1": "\\",
        "ind2": "\\",
        "subfields": [
          {
            "a": "Twice a year,"
          },
          {
            "b": "1982-"
          }
        ]
      }
    },
    {
      "321": {
        "ind1": "\\",
        "ind2": "\\",
        "subfields": [
          {
            "a": "Three no. a year,"
          },
          {
            "b": "1966-"
          }
        ]
      }
    },
    {
      "336": {
        "ind1": "\\",
        "ind2": "\\",
        "subfields": [
          {
            "a": "text"
          },
          {
            "b": "txt"
          },
          {
            "2": "rdacontent"
          }
        ]
      }
    },
    {
      "337": {
        "ind1": "\\",
        "ind2": "\\",
        "subfields": [
          {
            "a": "unmediated"
          },
          {
            "b": "n"
          },
          {
            "2": "rdamedia"
          }
        ]
      }
    },
    {
      "338": {
        "ind1": "\\",
        "ind2": "\\",
        "subfields": [
          {
            "a": "volume"
          },
          {
            "b": "nc"
          },
          {
            "2": "rdacarrier"
          }
        ]
      }
    },
    {
      "362": {
        "ind1": "0",
        "ind2": "\\",
        "subfields": [
          {
            "a": "v. 1- spring 1966-"
          }
        ]
      }
    },
    {
      "550": {
        "ind1": "\\",
        "ind2": "\\",
        "subfields": [
          {
            "a": "Volumes for 1966-68 issued by the Harvard Civil Rights Committee and the Harvard Civil Liberties Research Service in conjunction with the Law Students Civil Rights Research Council; 1969- by Harvard Civil Rights-Civil Liberties Research Committee."
          }
        ]
      }
    },
    {
      "580": {
        "ind1": "\\",
        "ind2": "\\",
        "subfields": [
          {
            "a": "Has online supplement with title: Harvard civil rights-civil liberties amicus."
          }
        ]
      }
    },
    {
      "650": {
        "ind1": "\\",
        "ind2": "0",
        "subfields": [
          {
            "a": "Civil rights"
          },
          {
            "z": "United States"
          },
          {
            "v": "Periodicals."
          }
        ]
      }
    },
    {
      "650": {
        "ind1": "\\",
        "ind2": "7",
        "subfields": [
          {
            "a": "Civil rights."
          },
          {
            "2": "fast"
          },
          {
            "0": "(OCoLC)fst00862627"
          }
        ]
      }
    },
    {
      "651": {
        "ind1": "\\",
        "ind2": "7",
        "subfields": [
          {
            "a": "United States."
          },
          {
            "2": "fast"
          },
          {
            "0": "(OCoLC)fst01204155"
          }
        ]
      }
    },
    {
      "655": {
        "ind1": "\\",
        "ind2": "0",
        "subfields": [
          {
            "a": "Electronic journals."
          }
        ]
      }
    },
    {
      "655": {
        "ind1": "\\",
        "ind2": "7",
        "subfields": [
          {
            "a": "Periodicals."
          },
          {
            "2": "fast"
          },
          {
            "0": "(OCoLC)fst01411641"
          }
        ]
      }
    },
    {
      "655": {
        "ind1": "\\",
        "ind2": "7",
        "subfields": [
          {
            "a": "Periodicals."
          },
          {
            "2": "lcgft"
          }
        ]
      }
    },
    {
      "710": {
        "ind1": "2",
        "ind2": "\\",
        "subfields": [
          {
            "a": "Harvard Civil Rights Committee."
          }
        ]
      }
    },
    {
      "710": {
        "ind1": "2",
        "ind2": "\\",
        "subfields": [
          {
            "a": "Harvard Civil Liberties Research Service."
          }
        ]
      }
    },
    {
      "710": {
        "ind1": "2",
        "ind2": "\\",
        "subfields": [
          {
            "a": "Law Students Civil Rights Research Council (U.S.)"
          }
        ]
      }
    },
    {
      "710": {
        "ind1": "2",
        "ind2": "\\",
        "subfields": [
          {
            "a": "Harvard Civil Rights-Civil Liberties Research Committee."
          }
        ]
      }
    },
    {
      "770": {
        "ind1": "1",
        "ind2": "\\",
        "subfields": [
          {
            "t": "Harvard civil rights-civil liberties amicus"
          },
          {
            "x": "2153-2389"
          },
          {
            "w": "(DLC)  2010202231"
          },
          {
            "w": "(OCoLC)502986540"
          }
        ]
      }
    },
    {
      "776": {
        "ind1": "0",
        "ind2": "8",
        "subfields": [
          {
            "i": "Online version:"
          },
          {
            "t": "Harvard civil rights-civil liberties law review (Online)"
          },
          {
            "x": "1943-5061"
          },
          {
            "w": "(DLC)  2007228640"
          },
          {
            "w": "(OCoLC)47942589"
          }
        ]
      }
    },
    {
      "850": {
        "ind1": "\\",
        "ind2": "\\",
        "subfields": [
          {
            "a": "CU-S"
          },
          {
            "a": "CaMWUC"
          },
          {
            "a": "CtNlC"
          },
          {
            "a": "DLC"
          },
          {
            "a": "MH-KG"
          },
          {
            "a": "MH-L"
          },
          {
            "a": "TxU"
          }
        ]
      }
    },
    {
      "856": {
        "ind1": "4",
        "ind2": "1",
        "subfields": [
          {
            "u": "http://www.law.harvard.edu/students/orgs/crcl/"
          }
        ]
      }
    },
    {
      "856": {
        "ind1": "4",
        "ind2": "1",
        "subfields": [
          {
            "u": "http://www.lexisnexis.com/us/lnacademic/api/version1/sf?shr=t&sfi=AC00NBGenSrch&csi=143842"
          }
        ]
      }
    },
    {
      "856": {
        "ind1": "4",
        "ind2": "1",
        "subfields": [
          {
            "u": "http://www.heinonline.org/HOL/Index?index=journals/hcrcl&collection=usjournals"
          }
        ]
      }
    },
    {
      "891": {
        "ind1": "2",
        "ind2": "3",
        "subfields": [
          {
            "9": "853"
          },
          {
            "8": "1"
          },
          {
            "a": "v."
          },
          {
            "b": "no."
          },
          {
            "u": "2"
          },
          {
            "v": "r"
          },
          {
            "i": "(year)"
          },
          {
            "j": "(season)"
          },
          {
            "w": "f"
          },
          {
            "x": "24"
          }
        ]
      }
    },
    {
      "891": {
        "ind1": "4",
        "ind2": "0",
        "subfields": [
          {
            "9": "863"
          },
          {
            "8": "1"
          },
          {
            "a": "<1>-"
          },
          {
            "i": "<1966>-"
          },
          {
            "x": "provisional"
          }
        ]
      }
    },
    {
      "936": {
        "ind1": "\\",
        "ind2": "\\",
        "subfields": [
          {
            "a": "summer 1978"
          }
        ]
      }
    },
    {
      "994": {
        "ind1": "\\",
        "ind2": "\\",
        "subfields": [
          {
            "a": "Z0"
          },
          {
            "b": "NYRVC"
          }
        ]
      }
    },
    {
      "948": {
        "ind1": "\\",
        "ind2": "\\",
        "subfields": [
          {
            "h": "NO HOLDINGS IN NYRVC - 524 OTHER HOLDINGS"
          }
        ]
      }
    },
    {
      "999": {
        "ind1": "\\",
        "ind2": "\\",
        "subfields": [
          {
            "a": "00000000018440"
          },
          {
            "v": "v. 15, no. 2"
          }
        ]
      }
    }
  ]
}